<record><leader>00000cas a22000007a 4500</leader><controlfield tag="001">9346259</controlfield><controlfield tag="008">830325d19011984coudr ne      0    0eng  </controlfield><controlfield tag="009">466</controlfield><datafield ind1=" " ind2=" " tag="010"><subfield code="a">sn 82016459 </subfield></datafield><datafield ind1=" " ind2=" " tag="040"><subfield code="a">DLC</subfield><subfield code="b">eng</subfield><subfield code="c">DLC</subfield><subfield code="d">NSD</subfield><subfield code="d">DLC</subfield><subfield code="d">CNQ</subfield><subfield code="d">DLC</subfield></datafield><datafield ind1="1" ind2=" " tag="029"><subfield code="a">AU@</subfield><subfield code="b">000020398344</subfield></datafield><datafield ind1=" " ind2=" " tag="042"><subfield code="a">msc</subfield></datafield><datafield ind1="0" ind2="0" tag="245"><subfield code="a">Pueblo star-journal.</subfield></datafield><datafield ind1="0" ind2="0" tag="246"><subfield code="a">Pueblo star journal</subfield></datafield><datafield ind1="0" ind2="7" tag="246"><subfield code="a">Pueblo star journal and Sunday chieftain</subfield></datafield><datafield ind1=" " ind2=" " tag="260"><subfield code="a">Pueblo, Colo. :</subfield><subfield code="b">Star-Journal Pub. Corp.,</subfield></datafield><datafield ind1=" " ind2=" " tag="300"><subfield code="a">v.</subfield></datafield><datafield ind1=" " ind2=" " tag="310"><subfield code="a">Daily</subfield></datafield><datafield ind1="0" ind2=" " tag="362"><subfield code="a">21st year (June 1, 1901)-</subfield></datafield><datafield ind1="1" ind2=" " tag="362"><subfield code="a">Ceased on Apr. 30, 1984.</subfield></datafield><datafield ind1=" " ind2=" " tag="530"><subfield code="a">Microfilm for 1901-1974 available from the Colorado Historical Society.</subfield></datafield><datafield ind1=" " ind2=" " tag="500"><subfield code="a">Published on Sun. with the Pueblo chieftain as: Pueblo star-journal and Sunday chieftain.</subfield></datafield><datafield ind1=" " ind2=" " tag="752"><subfield code="a">United States</subfield><subfield code="b">Colorado</subfield><subfield code="c">Pueblo</subfield><subfield code="d">Pueblo.</subfield></datafield><datafield ind1="0" ind2="4" tag="780"><subfield code="t">Pueblo evening journal</subfield></datafield><datafield ind1="0" ind2="4" tag="780"><subfield code="t">Daily evening star</subfield><subfield code="w">(DLC)sn 86066845</subfield></datafield><datafield ind1="0" ind2="4" tag="785"><subfield code="t">Pueblo chieftain (Pueblo, Colo. : 1889)</subfield><subfield code="w">(DLC)sn 90051672</subfield></datafield></record>